@book{Bishop,
  title = {Foundations of Constructive Analysis},
  year = {1967},
  publisher = {New York, NY, USA: Mcgraw-Hill},
  author = {Errett Bishop}
}

